51800
54200
55000
54600
54600
54200
54200
55800
54200
55600
56800
57600
40000
38400
57800
54800
54800
40600
38200
40600
59800
58200
42600
41800
62600
60200
76200
75400
96200
99000
97800
97000
95000
96600
97000
82000
45200
45200
45200
24400
25200
26000
25600
27200
27200
41800
58000
43800
75800
75800
75000
70600
91800
90200
70200
52200
52200
52200
50600
36400
36000
35200
36000
34400
34400
34400
38400
38400
54200
54200
52200
22200
22200
22200
23800
23000
20600
37600
38400
36800
57600
57600
57200
57200
57200
56800
56800
56400
55600
70600
69000
68200
68200
49800
33200
52400
53200
55600
54800
54000
